% This file was created with JabRef 2.9b2.
% Encoding: ISO8859_1

@ARTICLE{Geim2001,
  author = {Geim, A. K. and ter Tisha, H. A. M. S.},
  title = {Detection of earth rotation with a diamagnetically levitating gyroscope},
  journal = {Physica B: Condensed Matter},
  year = {2001},
  volume = {294--295},
  pages = {736--739},
  doi = {10.1016/S0921-4526(00)00753-5},
  quality = {1}
}

@electronic{Enge2019,
 author = {Enge, Eric},
 editor = {{Perficient}},
 title = {Mobile vs. Desktop Usage in 2019},
 url = {https://www.perficient.com/insights/research-hub/mobile-vs-desktop-usage-study},
 urldate = {27.05.2020},
 originalyear = {11.04.2019}
}