@electronic{Enge2019,
 author = {Enge, Eric},
 editor = {Perficient},
 title = {Mobile vs. Desktop Usage in 2019},
 url = {https://www.perficient.com/insights/research-hub/mobile-vs-desktop-usage-study},
 urldate = {2020-05-27},
 date = {2019-04-11}
}

@electronic{REST2019,
 title = {What is REST},
 url = {https://restfulapi.net/},
 urldate = {2020-06-05},
 date = {2019-04-11}
}

@electronic{Fielding2000,
 author = {Fielding, Roy},
 title = {Representational State Transfer (REST)},
 url = {https://www.ics.uci.edu/~fielding/pubs/dissertation/rest_arch_style.htm},
 urldate = {2020-06-03},
 date = {2000}
}

@electronic{Fielding2008,
 author = {Fielding, Roy},
 title = {REST APIs must be hypertext-driven},
 url = {https://roy.gbiv.com/untangled/2008/rest-apis-must-be-hypertext-driven},
 urldate = {2020-06-05},
 date = {2008-10-20}
}

@electronic{Fielding2009,
 author = {Fielding, Roy},
 title = {The Rest of REST},
 url = {https://roy.gbiv.com/talks/200709_fielding_rest.pdf},
 urldate = {2020-06-05},
 date = {2007-09}
}

@electronic{GraphQL2018,
 author = {GraphQL},
 title = {GraphQL Specification 2018},
 url = {http://spec.graphql.org/June2018/},
 urldate = {2020-06-08},
 date = {2018-06-10}
}

@electronic{HowToGraphQL,
 title = {Basics Tutorial - Introduction},
 url = {https://www.howtographql.com/basics/0-introduction/},
 urldate = {2020-06-08},
 date = {2019-02}
}

@electronic{Ionos2019,
 author = {1und1},
 title = {GraphQL: Flexible Abfragesprache und Laufzeitumgebung für Ihr Web-API},
 url = {https://www.ionos.de/digitalguide/websites/web-entwicklung/graphql/},
 urldate = {2020-06-08},
 date = {2019-09-03}
}

@electronic{Dupree2018,
 author = {Dupree, Matt},
 title = {The so-called 'RESTful' web in 2018 and beyond},
 url = {https://www.philosophicalhacker.com/post/rest-in-2018/},
 urldate = {2020-06-08},
 date = {2018-04-24}
}

@electronic{signalkServerNode2020,
 author = {SignalK},
 title = {SignalK},
 url = {https://github.com/SignalK/signalk-server-node},
 urldate = {2020-06-12},
 date = {2020}
}

@electronic{Rajak2017,
 author = {Rajak, Sanjay},
 title = {API Latency vs Response time},
 url = {https://medium.com/@sanjay.rajak/api-latency-vs-response-time-fe87ef71b2f2},
 urldate = {2020-06-16},
 date = {2017-07-01}
}

@electronic{Facebook,
 author = {Facebook},
 title = {Caching},
 url = {https://graphql.org/learn/caching/},
 urldate = {2020-06-16},
 date = {2020}
}

@electronic{McKinnon2019,
 author = {McKinnon, Jenni},
 title = {Site Cache vs Browser Cache vs Server Cache: What’s the Difference? },
 url = {https://wp-rocket.me/blog/different-types-of-caching/},
 urldate = {2020-06-16},
 date = {2019-10-29}
}

@electronic{Kheyrollahi2014,
 author = {Kheyrollahi, Ali},
 title = {Web APIs and the n+1 Problem},
 url = {https://www.infoq.com/articles/N-Plus-1/},
 urldate = {2020-06-17},
 date = {2014-06-02}
}

@electronic{Twitter2020,
 author = {Twitter},
 title = {API reference index},
 url = {https://developer.twitter.com/en/docs/api-reference-index},
 urldate = {2020-06-17},
 date = {2020}
}

@electronic{Github2020,
 author = {Github},
 title = {The GitHub GraphQL API },
 url = {https://github.blog/2016-09-14-the-github-graphql-api/},
 urldate = {2020-06-17},
 date = {2016}
}

@book{Ullenboom2017,
  author = {Ullenboom, Christian},
  title = {Java SE 9 Standard-Bibliothek},
  mainsubtitle = {Das Handbuch für Entwickler},
  editor = {Rheinwerk Verlag},
  year = {2017},
  edition = 3,
  pages = {867},
  isbn = {978-3-8362-5874-6}
}

@electronic{Spring2020,
 author = {Spring},
 title = {Building a RESTful Web Service},
 url = {https://spring.io/guides/gs/rest-service/},
 urldate = {2020-06-18},
 date = {2020}
}

@electronic{Slant2020,
 author = {Slant},
 title = {What are the best web frameworks to create a web REST API?},
 url = {https://www.slant.co/topics/1397/~best-web-frameworks-to-create-a-web-rest-api},
 urldate = {2020-06-18},
 date = {2020}
}

@electronic{Spring2020GraphQL,
 author = {Spring},
 title = {Getting Started with GraphQL and Spring Boot},
 url = {https://www.baeldung.com/spring-graphql},
 urldate = {2020-06-18},
 date = {2020}
}

@electronic{GraphQL2020Code,
 author = {GraphQL},
 title = {Code},
 url = {https://graphql.org/code/},
 urldate = {2020-06-18},
 date = {2020}
}

@electronic{FlacheQL2019,
 author = {FlacheQL},
 title = {FlacheQL},
 url = {https://github.com/FlacheQL/FlacheQL},
 urldate = {2020-06-18},
 date = {2019}
}

@electronic{Apollo2020,
 author = {Apollo},
 title = {Introduction},
 subtitle = {What is Apollo Client?},
 url = {https://www.apollographql.com/docs/react/},
 urldate = {2020-06-18},
 date = {2020}
}

@manual{Bund2013,
 editor= {BSI},
 title = {Leitfaden zur Entwicklung sicherer Webanwendungen},
 subtitle = {Empfehlungen und Anforderungen an die Auftragnehmer},
 pages = {42},
 url = {https://www.bsi.bund.de/SharedDocs/Downloads/DE/BSI/Publikationen/Studien/Webanwendungen/Webanw_Auftragnehmer.pdf?__blob=publicationFile&v=2},
 urldate = {2020-06-19},
 date = {2013-09-03}
}

@electronic{graphqlDocs2016,
 author = {graphql-docs},
 title = {GraphQL Documentation Explorer},
 url = {https://www.npmjs.com/package/graphql-docs},
 urldate = {2020-06-19},
 date = {2016}
}

@electronic{Swagger2020,
 author = {Swagger},
 title = {API Development for Everyone},
 url = {https://swagger.io/},
 urldate = {2020-06-19},
 date = {2020}
}

@electronic{Giroux2020,
 author = {Giroux, Marc-André},
 title = {GraphQL & Caching: The Elephant in the Room},
 url = {https://www.apollographql.com/blog/graphql-caching-the-elephant-in-the-room-11a3df0c23ad/},
 urldate = {2020-06-20},
 date = {2019-06-25}
}

@electronic{Akamai2020,
 author = {Akamai},
 title = {GraphQL caching},
 url = {https://learn.akamai.com/en-us/webhelp/api-gateway/api-gateway-user-guide/GUID-7019E774-7A4D-44F9-A731-330F9780C34B.html},
 urldate = {2020-06-20},
 date = {2020}
}

@electronic{Dawkins2018,
 author = {Dawkins, Jake},
 title = {Batching Client GraphQL Queries},
 url = {https://www.apollographql.com/blog/batching-client-graphql-queries-a685f5bcd41b},
 urldate = {2020-06-21},
 date = {2018-09-19}
}

@book{Spichale2019,
  author= {Spichale, Kai},
  title = {API Design},
  subtitle = {Praxishandbuch für Java- und Webservice-Entwickler},
  editor = {dpunkt.verlag},
  edition = {2},
  isbn = {9783864906114},
  pages = {7-9;150-151},
  date = {2019-05-02}
}

@electronic{Facebook2018,
 author = {Facebook},
 title = {GraphQL},
 subtitle = {A data query language},
 url = {https://engineering.fb.com/core-data/graphql-a-data-query-language/},
 urldate = {2020-06-21},
 date = {2015-09-14}
}

@electronic{GraphQL2020,
 author = {GraphQL},
 title = {Running an Express GraphQL Server},
 url = {https://graphql.org/graphql-js/running-an-express-graphql-server/},
 urldate = {2020-06-24},
 date = {2020}
}

@electronic{Microsoft2020,
 author = {Microsoft},
 title = {Maximum URL length is 2,083 characters in Internet Explorer},
 url = {https://support.microsoft.com/en-us/help/208427/maximum-url-length-is-2-083-characters-in-internet-explorer},
 urldate = {2020-06-24},
 date = {2019}
}

@book{APIYouWontHate2015,
  author = {Sturgeon, Phil},
  title = {Build APIs you won´t hate},
  isbn = {978-0692232699},
  pages = {127},
  date = {2015-08-11}
}





